@conference{youtube:go,
author = {Кирилл Сафронов and Максим Щербаков and Андрей Аркаев},
title = {Революция сервисов, путь от Python к Go --- YouTube},
year = {2018},
url = {https://www.youtube.com/watch?v=snKH5jGIDuE},
urldate = {12.02.2019},
language = "russian"
}

@online{doc:intro,
author = {Naumen},
title = {Contact Center --- Naumen},
year = {2019},
url = {https://www.naumen.ru/products/phone/},
urldate = {12.02.2019},
language = "russian"
}

@online{doc:about,
author = {Naumen},
title = {Общее описание},
year = {2018},
url = {https://callcenter.naumen.ru/docs/ru/ncc73/ncc/web/ncc.htm#Common_Info/Common_Info.htm},
urldate = {14.02.2019},
language = "russian"
}

@online{doc:pms,
author = {Naumen},
title = {Система управления проектами (PMS)},
year = {2018},
url = {https://callcenter.naumen.ru/docs/ru/ncc73/ncc/web/ncc.htm#Common_Info/PMS.htm},
urldate = {14.02.2019},
language = "russian"
}

@online{doc:core,
author = {Naumen},
title = {Сервис шины управляющих сообщений (Core)},
year = {2018},
url = {https://callcenter.naumen.ru/docs/ru/ncc73/ncc/web/ncc.htm#Common_Info/Core.htm},
urldate = {14.02.2019},
language = "russian"
}

@online{doc:portsndproto,
author = {Naumen},
title = {Протоколы и порты используемые в Системе},
year = {2018},
url = {https://callcenter.naumen.ru/docs/ru/ncc73/ncc/web/ncc.htm#Reference/Protocols_and_Ports/Protocols_and_Ports.htm},
urldate = {14.02.2019},
language = "russian"
}

@online{other:rival,
title = {Решения для Call-центров (Контакт-центров) - обзор},
url = {http://www.voipoffice.ru/tags/call_centry/},
urldate = {12.02.2019},
language = "russian"
}

@book{хоар1989взаимодействующие,
title={Взаимодействующие последовательные процессы},
author={Хоар, Ч},
year={1989},
publisher={Рипол Классик}
}

@online{go:sharedmem,
author = {Andrew Gerrand},
title = {Share Memory By Communicating},
publisher = {The Go Blog},
year = {2010},
url = {http://blog.golang.org/share-memory-by-communicating},
urldate = {12.02.2019},
language = "russian"
}

@book{cooper2014face,
title={About face: the essentials of interaction design},
author={Cooper, Alan and Reimann, Robert and Cronin, David and Noessel, Christopher},
year={2014},
publisher={John Wiley \& Sons}
}

@online{info:twisted,
title = {Twisted},
url = {https://twistedmatrix.com/trac/},
urldate = {14.02.2019},
language = "russian"
}

@book{book:internet,
title={Протоколы Internet},
author={Ю. Семенов},
year={2001},
publisher={Горячая линия -- Телеком},
pages={1100},
isbn = {5935170442},
language = "russian"
}

@inbook{hamdytaha2002,
Author = {Хемди А. Таха},
title = {Operations Research: An Introduction (7th Edition)},
chapter = 11,
publisher = {Prentice Hall},
year = {2002},
isbn = {0130323748},
language = "russian"
}

@online{habr:microservice,
author = {Юрий Карабутов},
title = {Просто о микросервисах},
publisher = {habr.com},
year = {2018},
url = {https://habr.com/ru/company/raiffeisenbank/blog/346380/},
urldate = {14.02.2019},
language = "russian"
}